%YAML 1.1
%TAG !u! tag:unity3d.com,2011:
--- !u!1001 &8293351420281694846
PrefabInstance:
  m_ObjectHideFlags: 0
  serializedVersion: 2
  m_Modification:
    m_TransformParent: {fileID: 0}
    m_Modifications:
    - target: {fileID: -8679921383154817045, guid: 978ed347c9fad0b4b880c38b7b8e48c9, type: 3}
      propertyPath: m_RootOrder
      value: 0
      objectReference: {fileID: 0}
    - target: {fileID: -8679921383154817045, guid: 978ed347c9fad0b4b880c38b7b8e48c9, type: 3}
      propertyPath: m_LocalPosition.x
      value: -0
      objectReference: {fileID: 0}
    - target: {fileID: -8679921383154817045, guid: 978ed347c9fad0b4b880c38b7b8e48c9, type: 3}
      propertyPath: m_LocalPosition.y
      value: 0
      objectReference: {fileID: 0}
    - target: {fileID: -8679921383154817045, guid: 978ed347c9fad0b4b880c38b7b8e48c9, type: 3}
      propertyPath: m_LocalPosition.z
      value: 0
      objectReference: {fileID: 0}
    - target: {fileID: -8679921383154817045, guid: 978ed347c9fad0b4b880c38b7b8e48c9, type: 3}
      propertyPath: m_LocalRotation.w
      value: 1
      objectReference: {fileID: 0}
    - target: {fileID: -8679921383154817045, guid: 978ed347c9fad0b4b880c38b7b8e48c9, type: 3}
      propertyPath: m_LocalRotation.x
      value: 0
      objectReference: {fileID: 0}
    - target: {fileID: -8679921383154817045, guid: 978ed347c9fad0b4b880c38b7b8e48c9, type: 3}
      propertyPath: m_LocalRotation.y
      value: -0
      objectReference: {fileID: 0}
    - target: {fileID: -8679921383154817045, guid: 978ed347c9fad0b4b880c38b7b8e48c9, type: 3}
      propertyPath: m_LocalRotation.z
      value: -0
      objectReference: {fileID: 0}
    - target: {fileID: -8679921383154817045, guid: 978ed347c9fad0b4b880c38b7b8e48c9, type: 3}
      propertyPath: m_LocalEulerAnglesHint.x
      value: 0
      objectReference: {fileID: 0}
    - target: {fileID: -8679921383154817045, guid: 978ed347c9fad0b4b880c38b7b8e48c9, type: 3}
      propertyPath: m_LocalEulerAnglesHint.y
      value: 0
      objectReference: {fileID: 0}
    - target: {fileID: -8679921383154817045, guid: 978ed347c9fad0b4b880c38b7b8e48c9, type: 3}
      propertyPath: m_LocalEulerAnglesHint.z
      value: 0
      objectReference: {fileID: 0}
    - target: {fileID: -7511558181221131132, guid: 978ed347c9fad0b4b880c38b7b8e48c9, type: 3}
      propertyPath: m_Materials.Array.data[0]
      value: 
      objectReference: {fileID: 2100000, guid: 6d0d424d897527e4bbc5e4596859e4b1, type: 2}
    - target: {fileID: 919132149155446097, guid: 978ed347c9fad0b4b880c38b7b8e48c9, type: 3}
      propertyPath: m_Name
      value: wall_3x1x0.3_broken_top_tilable_with_collider
      objectReference: {fileID: 0}
    m_RemovedComponents: []
  m_SourcePrefab: {fileID: 100100000, guid: 978ed347c9fad0b4b880c38b7b8e48c9, type: 3}
--- !u!1 &9211707304562530095 stripped
GameObject:
  m_CorrespondingSourceObject: {fileID: 919132149155446097, guid: 978ed347c9fad0b4b880c38b7b8e48c9, type: 3}
  m_PrefabInstance: {fileID: 8293351420281694846}
  m_PrefabAsset: {fileID: 0}
--- !u!65 &245969269548323977
BoxCollider:
  m_ObjectHideFlags: 0
  m_CorrespondingSourceObject: {fileID: 0}
  m_PrefabInstance: {fileID: 0}
  m_PrefabAsset: {fileID: 0}
  m_GameObject: {fileID: 9211707304562530095}
  m_Material: {fileID: 13400000, guid: b7017127f72d5104f951c003f3ff0318, type: 2}
  m_IsTrigger: 0
  m_Enabled: 1
  serializedVersion: 2
  m_Size: {x: 0.3, y: 0.8, z: 3}
  m_Center: {x: -0.15, y: 0.4, z: -1.5}
--- !u!114 &4886439954250573121
MonoBehaviour:
  m_ObjectHideFlags: 0
  m_CorrespondingSourceObject: {fileID: 0}
  m_PrefabInstance: {fileID: 0}
  m_PrefabAsset: {fileID: 0}
  m_GameObject: {fileID: 9211707304562530095}
  m_Enabled: 1
  m_EditorHideFlags: 0
  m_Script: {fileID: 11500000, guid: 9e8cb57409b41f84abb084b18bc3e88c, type: 3}
  m_Name: 
  m_EditorClassIdentifier: 
  HP: 1000
--- !u!114 &5066481434640870957
MonoBehaviour:
  m_ObjectHideFlags: 0
  m_CorrespondingSourceObject: {fileID: 0}
  m_PrefabInstance: {fileID: 0}
  m_PrefabAsset: {fileID: 0}
  m_GameObject: {fileID: 9211707304562530095}
  m_Enabled: 1
  m_EditorHideFlags: 0
  m_Script: {fileID: 11500000, guid: c7883d29049a58d4f98bcbade6aa2753, type: 3}
  m_Name: 
  m_EditorClassIdentifier: 
  destructible: {fileID: 8947622572318701777}
  playSFX: {fileID: 7834121382048270488}
--- !u!114 &7834121382048270488
MonoBehaviour:
  m_ObjectHideFlags: 0
  m_CorrespondingSourceObject: {fileID: 0}
  m_PrefabInstance: {fileID: 0}
  m_PrefabAsset: {fileID: 0}
  m_GameObject: {fileID: 9211707304562530095}
  m_Enabled: 1
  m_EditorHideFlags: 0
  m_Script: {fileID: 11500000, guid: 5306f68048ece3045a10b3b9737c5dfa, type: 3}
  m_Name: 
  m_EditorClassIdentifier: 
  sfx: stone_wall_collapse
  soundSystemProvider: {fileID: 0}
  sound_system: {fileID: 0}
--- !u!114 &8947622572318701777
MonoBehaviour:
  m_ObjectHideFlags: 0
  m_CorrespondingSourceObject: {fileID: 0}
  m_PrefabInstance: {fileID: 0}
  m_PrefabAsset: {fileID: 0}
  m_GameObject: {fileID: 9211707304562530095}
  m_Enabled: 1
  m_EditorHideFlags: 0
  m_Script: {fileID: 11500000, guid: c4f8d84717cb2ea4b9b0b0ea1ca7c98e, type: 3}
  m_Name: 
  m_EditorClassIdentifier: 
  intact: {fileID: 9211707304562530095}
  destructed: {fileID: 0}
  damageable: {fileID: 4886439954250573121}
  _is_destructed: 0
