%YAML 1.1
%TAG !u! tag:unity3d.com,2011:
--- !u!1 &1915043604185463892
GameObject:
  m_ObjectHideFlags: 0
  m_CorrespondingSourceObject: {fileID: 0}
  m_PrefabInstance: {fileID: 0}
  m_PrefabAsset: {fileID: 0}
  serializedVersion: 6
  m_Component:
  - component: {fileID: 2959969009698292779}
  - component: {fileID: 4575264165838891043}
  - component: {fileID: 2891923572548910617}
  m_Layer: 5
  m_Name: bg
  m_TagString: Untagged
  m_Icon: {fileID: 0}
  m_NavMeshLayer: 0
  m_StaticEditorFlags: 0
  m_IsActive: 1
--- !u!224 &2959969009698292779
RectTransform:
  m_ObjectHideFlags: 0
  m_CorrespondingSourceObject: {fileID: 0}
  m_PrefabInstance: {fileID: 0}
  m_PrefabAsset: {fileID: 0}
  m_GameObject: {fileID: 1915043604185463892}
  m_LocalRotation: {x: 0, y: 0, z: 0, w: 1}
  m_LocalPosition: {x: 0, y: 0, z: 0}
  m_LocalScale: {x: 1, y: 1, z: 1}
  m_ConstrainProportionsScale: 0
  m_Children: []
  m_Father: {fileID: 3324640862300910796}
  m_RootOrder: 1
  m_LocalEulerAnglesHint: {x: 0, y: 0, z: 0}
  m_AnchorMin: {x: 0, y: 0}
  m_AnchorMax: {x: 1, y: 1}
  m_AnchoredPosition: {x: 0, y: 0}
  m_SizeDelta: {x: 0, y: 0}
  m_Pivot: {x: 0.5, y: 0.5}
--- !u!222 &4575264165838891043
CanvasRenderer:
  m_ObjectHideFlags: 0
  m_CorrespondingSourceObject: {fileID: 0}
  m_PrefabInstance: {fileID: 0}
  m_PrefabAsset: {fileID: 0}
  m_GameObject: {fileID: 1915043604185463892}
  m_CullTransparentMesh: 1
--- !u!114 &2891923572548910617
MonoBehaviour:
  m_ObjectHideFlags: 0
  m_CorrespondingSourceObject: {fileID: 0}
  m_PrefabInstance: {fileID: 0}
  m_PrefabAsset: {fileID: 0}
  m_GameObject: {fileID: 1915043604185463892}
  m_Enabled: 1
  m_EditorHideFlags: 0
  m_Script: {fileID: 11500000, guid: 1344c3c82d62a2a41a3576d8abb8e3ea, type: 3}
  m_Name: 
  m_EditorClassIdentifier: 
  m_Material: {fileID: 0}
  m_Color: {r: 0, g: 0, b: 0, a: 0.5019608}
  m_RaycastTarget: 1
  m_RaycastPadding: {x: 0, y: 0, z: 0, w: 0}
  m_Maskable: 1
  m_OnCullStateChanged:
    m_PersistentCalls:
      m_Calls: []
  m_Texture: {fileID: 0}
  m_UVRect:
    serializedVersion: 2
    x: 0
    y: 0
    width: 1
    height: 1
--- !u!1 &2711873293627156437
GameObject:
  m_ObjectHideFlags: 0
  m_CorrespondingSourceObject: {fileID: 0}
  m_PrefabInstance: {fileID: 0}
  m_PrefabAsset: {fileID: 0}
  serializedVersion: 6
  m_Component:
  - component: {fileID: 2632140057936713713}
  - component: {fileID: 5865050363608965261}
  - component: {fileID: 2684443007928540855}
  m_Layer: 5
  m_Name: Title Text (TMP)
  m_TagString: Untagged
  m_Icon: {fileID: 0}
  m_NavMeshLayer: 0
  m_StaticEditorFlags: 0
  m_IsActive: 1
--- !u!224 &2632140057936713713
RectTransform:
  m_ObjectHideFlags: 0
  m_CorrespondingSourceObject: {fileID: 0}
  m_PrefabInstance: {fileID: 0}
  m_PrefabAsset: {fileID: 0}
  m_GameObject: {fileID: 2711873293627156437}
  m_LocalRotation: {x: 0, y: 0, z: 0, w: 1}
  m_LocalPosition: {x: 0, y: 0, z: 0}
  m_LocalScale: {x: 1, y: 1, z: 1}
  m_ConstrainProportionsScale: 0
  m_Children: []
  m_Father: {fileID: 3324640862300910796}
  m_RootOrder: 7
  m_LocalEulerAnglesHint: {x: 0, y: 0, z: 0}
  m_AnchorMin: {x: 0.5, y: 1}
  m_AnchorMax: {x: 0.5, y: 1}
  m_AnchoredPosition: {x: 0, y: -50}
  m_SizeDelta: {x: 500, y: 100}
  m_Pivot: {x: 0.5, y: 1}
--- !u!222 &5865050363608965261
CanvasRenderer:
  m_ObjectHideFlags: 0
  m_CorrespondingSourceObject: {fileID: 0}
  m_PrefabInstance: {fileID: 0}
  m_PrefabAsset: {fileID: 0}
  m_GameObject: {fileID: 2711873293627156437}
  m_CullTransparentMesh: 1
--- !u!114 &2684443007928540855
MonoBehaviour:
  m_ObjectHideFlags: 0
  m_CorrespondingSourceObject: {fileID: 0}
  m_PrefabInstance: {fileID: 0}
  m_PrefabAsset: {fileID: 0}
  m_GameObject: {fileID: 2711873293627156437}
  m_Enabled: 1
  m_EditorHideFlags: 0
  m_Script: {fileID: 11500000, guid: f4688fdb7df04437aeb418b961361dc5, type: 3}
  m_Name: 
  m_EditorClassIdentifier: 
  m_Material: {fileID: 0}
  m_Color: {r: 1, g: 1, b: 1, a: 1}
  m_RaycastTarget: 1
  m_RaycastPadding: {x: 0, y: 0, z: 0, w: 0}
  m_Maskable: 1
  m_OnCullStateChanged:
    m_PersistentCalls:
      m_Calls: []
  m_text: Game Ended
  m_isRightToLeft: 0
  m_fontAsset: {fileID: 11400000, guid: 8f586378b4e144a9851e7b34d9b748ee, type: 2}
  m_sharedMaterial: {fileID: 2180264, guid: 8f586378b4e144a9851e7b34d9b748ee, type: 2}
  m_fontSharedMaterials: []
  m_fontMaterial: {fileID: 0}
  m_fontMaterials: []
  m_fontColor32:
    serializedVersion: 2
    rgba: 4294967295
  m_fontColor: {r: 1, g: 1, b: 1, a: 1}
  m_enableVertexGradient: 0
  m_colorMode: 3
  m_fontColorGradient:
    topLeft: {r: 1, g: 1, b: 1, a: 1}
    topRight: {r: 1, g: 1, b: 1, a: 1}
    bottomLeft: {r: 1, g: 1, b: 1, a: 1}
    bottomRight: {r: 1, g: 1, b: 1, a: 1}
  m_fontColorGradientPreset: {fileID: 0}
  m_spriteAsset: {fileID: 0}
  m_tintAllSprites: 0
  m_StyleSheet: {fileID: 0}
  m_TextStyleHashCode: -1183493901
  m_overrideHtmlColors: 0
  m_faceColor:
    serializedVersion: 2
    rgba: 4294967295
  m_fontSize: 62
  m_fontSizeBase: 62
  m_fontWeight: 400
  m_enableAutoSizing: 0
  m_fontSizeMin: 18
  m_fontSizeMax: 72
  m_fontStyle: 1
  m_HorizontalAlignment: 2
  m_VerticalAlignment: 512
  m_textAlignment: 65535
  m_characterSpacing: 0
  m_wordSpacing: 0
  m_lineSpacing: 0
  m_lineSpacingMax: 0
  m_paragraphSpacing: 0
  m_charWidthMaxAdj: 0
  m_enableWordWrapping: 1
  m_wordWrappingRatios: 0.4
  m_overflowMode: 0
  m_linkedTextComponent: {fileID: 0}
  parentLinkedComponent: {fileID: 0}
  m_enableKerning: 1
  m_enableExtraPadding: 0
  checkPaddingRequired: 0
  m_isRichText: 1
  m_parseCtrlCharacters: 1
  m_isOrthographic: 1
  m_isCullingEnabled: 0
  m_horizontalMapping: 0
  m_verticalMapping: 0
  m_uvLineOffset: 0
  m_geometrySortingOrder: 0
  m_IsTextObjectScaleStatic: 0
  m_VertexBufferAutoSizeReduction: 0
  m_useMaxVisibleDescender: 1
  m_pageToDisplay: 1
  m_margin: {x: 0, y: 0, z: 0, w: 0}
  m_isUsingLegacyAnimationComponent: 0
  m_isVolumetricText: 0
  m_hasFontAssetChanged: 0
  m_baseMaterial: {fileID: 0}
  m_maskOffset: {x: 0, y: 0, z: 0, w: 0}
--- !u!1 &3324640861717667445
GameObject:
  m_ObjectHideFlags: 0
  m_CorrespondingSourceObject: {fileID: 0}
  m_PrefabInstance: {fileID: 0}
  m_PrefabAsset: {fileID: 0}
  serializedVersion: 6
  m_Component:
  - component: {fileID: 3324640861717667446}
  m_Layer: 5
  m_Name: Teams GO
  m_TagString: Untagged
  m_Icon: {fileID: 0}
  m_NavMeshLayer: 0
  m_StaticEditorFlags: 0
  m_IsActive: 1
--- !u!224 &3324640861717667446
RectTransform:
  m_ObjectHideFlags: 0
  m_CorrespondingSourceObject: {fileID: 0}
  m_PrefabInstance: {fileID: 0}
  m_PrefabAsset: {fileID: 0}
  m_GameObject: {fileID: 3324640861717667445}
  m_LocalRotation: {x: 0, y: 0, z: 0, w: 1}
  m_LocalPosition: {x: 0, y: 0, z: 0}
  m_LocalScale: {x: 1, y: 1, z: 1}
  m_ConstrainProportionsScale: 0
  m_Children:
  - {fileID: 2495885073167867673}
  - {fileID: 6682699496325214042}
  m_Father: {fileID: 3324640862300910796}
  m_RootOrder: 2
  m_LocalEulerAnglesHint: {x: 0, y: 0, z: 0}
  m_AnchorMin: {x: 0, y: 0}
  m_AnchorMax: {x: 1, y: 1}
  m_AnchoredPosition: {x: 0, y: 162}
  m_SizeDelta: {x: -1420, y: -908.65}
  m_Pivot: {x: 0.5, y: 0.5}
--- !u!1 &3324640862047935548
GameObject:
  m_ObjectHideFlags: 0
  m_CorrespondingSourceObject: {fileID: 0}
  m_PrefabInstance: {fileID: 0}
  m_PrefabAsset: {fileID: 0}
  serializedVersion: 6
  m_Component:
  - component: {fileID: 3324640862047935549}
  - component: {fileID: 8702434870140199255}
  m_Layer: 5
  m_Name: Characters GO
  m_TagString: Untagged
  m_Icon: {fileID: 0}
  m_NavMeshLayer: 0
  m_StaticEditorFlags: 0
  m_IsActive: 1
--- !u!224 &3324640862047935549
RectTransform:
  m_ObjectHideFlags: 0
  m_CorrespondingSourceObject: {fileID: 0}
  m_PrefabInstance: {fileID: 0}
  m_PrefabAsset: {fileID: 0}
  m_GameObject: {fileID: 3324640862047935548}
  m_LocalRotation: {x: 0, y: 0, z: 0, w: 1}
  m_LocalPosition: {x: 0, y: 0, z: 0}
  m_LocalScale: {x: 1, y: 1, z: 1}
  m_ConstrainProportionsScale: 0
  m_Children:
  - {fileID: 3490633935995452128}
  - {fileID: 1888549681914364787}
  - {fileID: 1888549683736301441}
  - {fileID: 1888549682998846325}
  m_Father: {fileID: 3324640862300910796}
  m_RootOrder: 3
  m_LocalEulerAnglesHint: {x: 0, y: 0, z: 0}
  m_AnchorMin: {x: 0.5, y: 0.5}
  m_AnchorMax: {x: 0.5, y: 0.5}
  m_AnchoredPosition: {x: 0, y: -89.31}
  m_SizeDelta: {x: 881, y: 171}
  m_Pivot: {x: 0.5, y: 0.5}
--- !u!114 &8702434870140199255
MonoBehaviour:
  m_ObjectHideFlags: 0
  m_CorrespondingSourceObject: {fileID: 0}
  m_PrefabInstance: {fileID: 0}
  m_PrefabAsset: {fileID: 0}
  m_GameObject: {fileID: 3324640862047935548}
  m_Enabled: 1
  m_EditorHideFlags: 0
  m_Script: {fileID: 11500000, guid: 30649d3a9faa99c48a7b1166b86bf2a0, type: 3}
  m_Name: 
  m_EditorClassIdentifier: 
  m_Padding:
    m_Left: 0
    m_Right: 0
    m_Top: 0
    m_Bottom: 0
  m_ChildAlignment: 4
  m_Spacing: 0
  m_ChildForceExpandWidth: 1
  m_ChildForceExpandHeight: 1
  m_ChildControlWidth: 0
  m_ChildControlHeight: 0
  m_ChildScaleWidth: 0
  m_ChildScaleHeight: 0
  m_ReverseArrangement: 0
--- !u!1 &3324640862162388156
GameObject:
  m_ObjectHideFlags: 0
  m_CorrespondingSourceObject: {fileID: 0}
  m_PrefabInstance: {fileID: 0}
  m_PrefabAsset: {fileID: 0}
  serializedVersion: 6
  m_Component:
  - component: {fileID: 3324640862162388157}
  - component: {fileID: 3324640862162388159}
  - component: {fileID: 3324640862162388158}
  m_Layer: 5
  m_Name: tmpbg
  m_TagString: Untagged
  m_Icon: {fileID: 0}
  m_NavMeshLayer: 0
  m_StaticEditorFlags: 0
  m_IsActive: 0
--- !u!224 &3324640862162388157
RectTransform:
  m_ObjectHideFlags: 0
  m_CorrespondingSourceObject: {fileID: 0}
  m_PrefabInstance: {fileID: 0}
  m_PrefabAsset: {fileID: 0}
  m_GameObject: {fileID: 3324640862162388156}
  m_LocalRotation: {x: 0, y: 0, z: 0, w: 1}
  m_LocalPosition: {x: 0, y: 0, z: 0}
  m_LocalScale: {x: 1, y: 1, z: 1}
  m_ConstrainProportionsScale: 0
  m_Children: []
  m_Father: {fileID: 3324640862300910796}
  m_RootOrder: 0
  m_LocalEulerAnglesHint: {x: 0, y: 0, z: 0}
  m_AnchorMin: {x: 0, y: 0}
  m_AnchorMax: {x: 1, y: 1}
  m_AnchoredPosition: {x: 0, y: 0}
  m_SizeDelta: {x: 0, y: 0}
  m_Pivot: {x: 0.5, y: 0.5}
--- !u!222 &3324640862162388159
CanvasRenderer:
  m_ObjectHideFlags: 0
  m_CorrespondingSourceObject: {fileID: 0}
  m_PrefabInstance: {fileID: 0}
  m_PrefabAsset: {fileID: 0}
  m_GameObject: {fileID: 3324640862162388156}
  m_CullTransparentMesh: 1
--- !u!114 &3324640862162388158
MonoBehaviour:
  m_ObjectHideFlags: 0
  m_CorrespondingSourceObject: {fileID: 0}
  m_PrefabInstance: {fileID: 0}
  m_PrefabAsset: {fileID: 0}
  m_GameObject: {fileID: 3324640862162388156}
  m_Enabled: 1
  m_EditorHideFlags: 0
  m_Script: {fileID: 11500000, guid: 1344c3c82d62a2a41a3576d8abb8e3ea, type: 3}
  m_Name: 
  m_EditorClassIdentifier: 
  m_Material: {fileID: 0}
  m_Color: {r: 0.254717, g: 0.254717, b: 0.254717, a: 1}
  m_RaycastTarget: 1
  m_RaycastPadding: {x: 0, y: 0, z: 0, w: 0}
  m_Maskable: 1
  m_OnCullStateChanged:
    m_PersistentCalls:
      m_Calls: []
  m_Texture: {fileID: 0}
  m_UVRect:
    serializedVersion: 2
    x: 0
    y: 0
    width: 1
    height: 1
--- !u!1 &3324640862300910790
GameObject:
  m_ObjectHideFlags: 0
  m_CorrespondingSourceObject: {fileID: 0}
  m_PrefabInstance: {fileID: 0}
  m_PrefabAsset: {fileID: 0}
  serializedVersion: 6
  m_Component:
  - component: {fileID: 3324640862300910796}
  - component: {fileID: 3324640862300910795}
  - component: {fileID: 3324640862300910794}
  - component: {fileID: 3324640862300910793}
  - component: {fileID: 3324640862300910792}
  - component: {fileID: 7224704067742200437}
  m_Layer: 5
  m_Name: Basic_Game_Settings_End_Game_UI_Canvas
  m_TagString: Untagged
  m_Icon: {fileID: 0}
  m_NavMeshLayer: 0
  m_StaticEditorFlags: 0
  m_IsActive: 1
--- !u!224 &3324640862300910796
RectTransform:
  m_ObjectHideFlags: 0
  m_CorrespondingSourceObject: {fileID: 0}
  m_PrefabInstance: {fileID: 0}
  m_PrefabAsset: {fileID: 0}
  m_GameObject: {fileID: 3324640862300910790}
  m_LocalRotation: {x: 0, y: 0, z: 0, w: 1}
  m_LocalPosition: {x: 0, y: 0, z: 0}
  m_LocalScale: {x: 0, y: 0, z: 0}
  m_ConstrainProportionsScale: 0
  m_Children:
  - {fileID: 3324640862162388157}
  - {fileID: 2959969009698292779}
  - {fileID: 3324640861717667446}
  - {fileID: 3324640862047935549}
  - {fileID: 214265110643264338}
  - {fileID: 6830568274189750195}
  - {fileID: 8998176265016936247}
  - {fileID: 2632140057936713713}
  m_Father: {fileID: 0}
  m_RootOrder: 0
  m_LocalEulerAnglesHint: {x: 0, y: 0, z: 0}
  m_AnchorMin: {x: 0, y: 0}
  m_AnchorMax: {x: 0, y: 0}
  m_AnchoredPosition: {x: 0, y: 0}
  m_SizeDelta: {x: 0, y: 0}
  m_Pivot: {x: 0, y: 0}
--- !u!223 &3324640862300910795
Canvas:
  m_ObjectHideFlags: 0
  m_CorrespondingSourceObject: {fileID: 0}
  m_PrefabInstance: {fileID: 0}
  m_PrefabAsset: {fileID: 0}
  m_GameObject: {fileID: 3324640862300910790}
  m_Enabled: 1
  serializedVersion: 3
  m_RenderMode: 0
  m_Camera: {fileID: 0}
  m_PlaneDistance: 100
  m_PixelPerfect: 0
  m_ReceivesEvents: 1
  m_OverrideSorting: 0
  m_OverridePixelPerfect: 0
  m_SortingBucketNormalizedSize: 0
  m_AdditionalShaderChannelsFlag: 25
  m_SortingLayerID: 0
  m_SortingOrder: 80
  m_TargetDisplay: 0
--- !u!114 &3324640862300910794
MonoBehaviour:
  m_ObjectHideFlags: 0
  m_CorrespondingSourceObject: {fileID: 0}
  m_PrefabInstance: {fileID: 0}
  m_PrefabAsset: {fileID: 0}
  m_GameObject: {fileID: 3324640862300910790}
  m_Enabled: 1
  m_EditorHideFlags: 0
  m_Script: {fileID: 11500000, guid: 0cd44c1031e13a943bb63640046fad76, type: 3}
  m_Name: 
  m_EditorClassIdentifier: 
  m_UiScaleMode: 1
  m_ReferencePixelsPerUnit: 100
  m_ScaleFactor: 1
  m_ReferenceResolution: {x: 1920, y: 1080}
  m_ScreenMatchMode: 0
  m_MatchWidthOrHeight: 0
  m_PhysicalUnit: 3
  m_FallbackScreenDPI: 96
  m_DefaultSpriteDPI: 96
  m_DynamicPixelsPerUnit: 1
  m_PresetInfoIsWorld: 0
--- !u!114 &3324640862300910793
MonoBehaviour:
  m_ObjectHideFlags: 0
  m_CorrespondingSourceObject: {fileID: 0}
  m_PrefabInstance: {fileID: 0}
  m_PrefabAsset: {fileID: 0}
  m_GameObject: {fileID: 3324640862300910790}
  m_Enabled: 1
  m_EditorHideFlags: 0
  m_Script: {fileID: 11500000, guid: dc42784cf147c0c48a680349fa168899, type: 3}
  m_Name: 
  m_EditorClassIdentifier: 
  m_IgnoreReversedGraphics: 1
  m_BlockingObjects: 0
  m_BlockingMask:
    serializedVersion: 2
    m_Bits: 119
--- !u!225 &3324640862300910792
CanvasGroup:
  m_ObjectHideFlags: 0
  m_CorrespondingSourceObject: {fileID: 0}
  m_PrefabInstance: {fileID: 0}
  m_PrefabAsset: {fileID: 0}
  m_GameObject: {fileID: 3324640862300910790}
  m_Enabled: 1
  m_Alpha: 1
  m_Interactable: 1
  m_BlocksRaycasts: 1
  m_IgnoreParentGroups: 0
--- !u!114 &7224704067742200437
MonoBehaviour:
  m_ObjectHideFlags: 0
  m_CorrespondingSourceObject: {fileID: 0}
  m_PrefabInstance: {fileID: 0}
  m_PrefabAsset: {fileID: 0}
  m_GameObject: {fileID: 3324640862300910790}
  m_Enabled: 1
  m_EditorHideFlags: 0
  m_Script: {fileID: 11500000, guid: 9c6b009e863368c4395c5a80a5f5c6bc, type: 3}
  m_Name: 
  m_EditorClassIdentifier: 
  timeText: {fileID: 5594807378485046042}
  teamGO: {fileID: 3324640861717667445}
  _canvasGroup: {fileID: 3324640862300910792}
  exitHoldButton: {fileID: 8998176265016936248}
  rematchHoldButton: {fileID: 6830568274189750204}
  charactersGOs:
  - {fileID: 2216648322130896518}
  - {fileID: 3785096384660872981}
  - {fileID: 3785096386211091431}
  - {fileID: 3785096385740668691}
  teamScoresTexts:
  - {fileID: 2806058094613921041}
  - {fileID: 6408485317433216338}
  teamLossVictoryTexts:
  - {fileID: 4746635974814333310}
  - {fileID: 4594214556223293757}
  characterScoresTexts:
  - {fileID: 3756861539246807272}
  - {fileID: 2190804777076679035}
  - {fileID: 2190804776324427145}
  - {fileID: 2190804775990067581}
  characterLossVictoryTexts:
  - {fileID: 5984548431175457927}
  - {fileID: 8739556044744025364}
  - {fileID: 8739556045346335206}
  - {fileID: 8739556045814859026}
  characterNamesTexts:
  - {fileID: 4680702880107944262}
  - {fileID: 7688051951287345365}
  - {fileID: 7688051950961732647}
  - {fileID: 7688051950222786771}
--- !u!1 &8421694945142254700
GameObject:
  m_ObjectHideFlags: 0
  m_CorrespondingSourceObject: {fileID: 0}
  m_PrefabInstance: {fileID: 0}
  m_PrefabAsset: {fileID: 0}
  serializedVersion: 6
  m_Component:
  - component: {fileID: 214265110643264338}
  - component: {fileID: 6776298985152804587}
  - component: {fileID: 5594807378485046042}
  m_Layer: 5
  m_Name: Time Text (TMP)
  m_TagString: Untagged
  m_Icon: {fileID: 0}
  m_NavMeshLayer: 0
  m_StaticEditorFlags: 0
  m_IsActive: 1
--- !u!224 &214265110643264338
RectTransform:
  m_ObjectHideFlags: 0
  m_CorrespondingSourceObject: {fileID: 0}
  m_PrefabInstance: {fileID: 0}
  m_PrefabAsset: {fileID: 0}
  m_GameObject: {fileID: 8421694945142254700}
  m_LocalRotation: {x: 0, y: 0, z: 0, w: 1}
  m_LocalPosition: {x: 0, y: 0, z: 0}
  m_LocalScale: {x: 1, y: 1, z: 1}
  m_ConstrainProportionsScale: 0
  m_Children: []
  m_Father: {fileID: 3324640862300910796}
  m_RootOrder: 4
  m_LocalEulerAnglesHint: {x: 0, y: 0, z: 0}
  m_AnchorMin: {x: 1, y: 1}
  m_AnchorMax: {x: 1, y: 1}
  m_AnchoredPosition: {x: -50, y: -50}
  m_SizeDelta: {x: 500, y: 100}
  m_Pivot: {x: 1, y: 1}
--- !u!222 &6776298985152804587
CanvasRenderer:
  m_ObjectHideFlags: 0
  m_CorrespondingSourceObject: {fileID: 0}
  m_PrefabInstance: {fileID: 0}
  m_PrefabAsset: {fileID: 0}
  m_GameObject: {fileID: 8421694945142254700}
  m_CullTransparentMesh: 1
--- !u!114 &5594807378485046042
MonoBehaviour:
  m_ObjectHideFlags: 0
  m_CorrespondingSourceObject: {fileID: 0}
  m_PrefabInstance: {fileID: 0}
  m_PrefabAsset: {fileID: 0}
  m_GameObject: {fileID: 8421694945142254700}
  m_Enabled: 1
  m_EditorHideFlags: 0
  m_Script: {fileID: 11500000, guid: f4688fdb7df04437aeb418b961361dc5, type: 3}
  m_Name: 
  m_EditorClassIdentifier: 
  m_Material: {fileID: 0}
  m_Color: {r: 1, g: 1, b: 1, a: 1}
  m_RaycastTarget: 1
  m_RaycastPadding: {x: 0, y: 0, z: 0, w: 0}
  m_Maskable: 1
  m_OnCullStateChanged:
    m_PersistentCalls:
      m_Calls: []
  m_text: 12h 37m 56s - 12h 37m 56s
  m_isRightToLeft: 0
  m_fontAsset: {fileID: 11400000, guid: 8f586378b4e144a9851e7b34d9b748ee, type: 2}
  m_sharedMaterial: {fileID: 2180264, guid: 8f586378b4e144a9851e7b34d9b748ee, type: 2}
  m_fontSharedMaterials: []
  m_fontMaterial: {fileID: 0}
  m_fontMaterials: []
  m_fontColor32:
    serializedVersion: 2
    rgba: 4294967295
  m_fontColor: {r: 1, g: 1, b: 1, a: 1}
  m_enableVertexGradient: 0
  m_colorMode: 3
  m_fontColorGradient:
    topLeft: {r: 1, g: 1, b: 1, a: 1}
    topRight: {r: 1, g: 1, b: 1, a: 1}
    bottomLeft: {r: 1, g: 1, b: 1, a: 1}
    bottomRight: {r: 1, g: 1, b: 1, a: 1}
  m_fontColorGradientPreset: {fileID: 0}
  m_spriteAsset: {fileID: 0}
  m_tintAllSprites: 0
  m_StyleSheet: {fileID: 0}
  m_TextStyleHashCode: -1183493901
  m_overrideHtmlColors: 0
  m_faceColor:
    serializedVersion: 2
    rgba: 4294967295
  m_fontSize: 36
  m_fontSizeBase: 36
  m_fontWeight: 400
  m_enableAutoSizing: 0
  m_fontSizeMin: 18
  m_fontSizeMax: 72
  m_fontStyle: 0
  m_HorizontalAlignment: 2
  m_VerticalAlignment: 512
  m_textAlignment: 65535
  m_characterSpacing: 0
  m_wordSpacing: 0
  m_lineSpacing: 0
  m_lineSpacingMax: 0
  m_paragraphSpacing: 0
  m_charWidthMaxAdj: 0
  m_enableWordWrapping: 1
  m_wordWrappingRatios: 0.4
  m_overflowMode: 0
  m_linkedTextComponent: {fileID: 0}
  parentLinkedComponent: {fileID: 0}
  m_enableKerning: 1
  m_enableExtraPadding: 0
  checkPaddingRequired: 0
  m_isRichText: 1
  m_parseCtrlCharacters: 1
  m_isOrthographic: 1
  m_isCullingEnabled: 0
  m_horizontalMapping: 0
  m_verticalMapping: 0
  m_uvLineOffset: 0
  m_geometrySortingOrder: 0
  m_IsTextObjectScaleStatic: 0
  m_VertexBufferAutoSizeReduction: 0
  m_useMaxVisibleDescender: 1
  m_pageToDisplay: 1
  m_margin: {x: 0, y: 0, z: 0, w: 0}
  m_isUsingLegacyAnimationComponent: 0
  m_isVolumetricText: 0
  m_hasFontAssetChanged: 0
  m_baseMaterial: {fileID: 0}
  m_maskOffset: {x: 0, y: 0, z: 0, w: 0}
--- !u!1001 &317292408933172304
PrefabInstance:
  m_ObjectHideFlags: 0
  serializedVersion: 2
  m_Modification:
    m_TransformParent: {fileID: 3324640862047935549}
    m_Modifications:
    - target: {fileID: 1919696880605864662, guid: 00c110db0cb2bff4da2c9fbef7347f66, type: 3}
      propertyPath: m_Name
      value: Character 0
      objectReference: {fileID: 0}
    - target: {fileID: 1939091398076403176, guid: 00c110db0cb2bff4da2c9fbef7347f66, type: 3}
      propertyPath: m_Name
      value: Character 0 Name Text (TMP)
      objectReference: {fileID: 0}
    - target: {fileID: 2468295665668851666, guid: 00c110db0cb2bff4da2c9fbef7347f66, type: 3}
      propertyPath: m_AnchoredPosition.x
      value: 2.6999512
      objectReference: {fileID: 0}
    - target: {fileID: 3753194837928410800, guid: 00c110db0cb2bff4da2c9fbef7347f66, type: 3}
      propertyPath: m_Pivot.x
      value: 0.5
      objectReference: {fileID: 0}
    - target: {fileID: 3753194837928410800, guid: 00c110db0cb2bff4da2c9fbef7347f66, type: 3}
      propertyPath: m_Pivot.y
      value: 0.5
      objectReference: {fileID: 0}
    - target: {fileID: 3753194837928410800, guid: 00c110db0cb2bff4da2c9fbef7347f66, type: 3}
      propertyPath: m_RootOrder
      value: 0
      objectReference: {fileID: 0}
    - target: {fileID: 3753194837928410800, guid: 00c110db0cb2bff4da2c9fbef7347f66, type: 3}
      propertyPath: m_AnchorMax.x
      value: 0
      objectReference: {fileID: 0}
    - target: {fileID: 3753194837928410800, guid: 00c110db0cb2bff4da2c9fbef7347f66, type: 3}
      propertyPath: m_AnchorMax.y
      value: 0
      objectReference: {fileID: 0}
    - target: {fileID: 3753194837928410800, guid: 00c110db0cb2bff4da2c9fbef7347f66, type: 3}
      propertyPath: m_AnchorMin.x
      value: 0
      objectReference: {fileID: 0}
    - target: {fileID: 3753194837928410800, guid: 00c110db0cb2bff4da2c9fbef7347f66, type: 3}
      propertyPath: m_AnchorMin.y
      value: 0
      objectReference: {fileID: 0}
    - target: {fileID: 3753194837928410800, guid: 00c110db0cb2bff4da2c9fbef7347f66, type: 3}
      propertyPath: m_SizeDelta.x
      value: 180
      objectReference: {fileID: 0}
    - target: {fileID: 3753194837928410800, guid: 00c110db0cb2bff4da2c9fbef7347f66, type: 3}
      propertyPath: m_SizeDelta.y
      value: 171.1772
      objectReference: {fileID: 0}
    - target: {fileID: 3753194837928410800, guid: 00c110db0cb2bff4da2c9fbef7347f66, type: 3}
      propertyPath: m_LocalPosition.x
      value: 0
      objectReference: {fileID: 0}
    - target: {fileID: 3753194837928410800, guid: 00c110db0cb2bff4da2c9fbef7347f66, type: 3}
      propertyPath: m_LocalPosition.y
      value: 0
      objectReference: {fileID: 0}
    - target: {fileID: 3753194837928410800, guid: 00c110db0cb2bff4da2c9fbef7347f66, type: 3}
      propertyPath: m_LocalPosition.z
      value: 0
      objectReference: {fileID: 0}
    - target: {fileID: 3753194837928410800, guid: 00c110db0cb2bff4da2c9fbef7347f66, type: 3}
      propertyPath: m_LocalRotation.w
      value: 1
      objectReference: {fileID: 0}
    - target: {fileID: 3753194837928410800, guid: 00c110db0cb2bff4da2c9fbef7347f66, type: 3}
      propertyPath: m_LocalRotation.x
      value: -0
      objectReference: {fileID: 0}
    - target: {fileID: 3753194837928410800, guid: 00c110db0cb2bff4da2c9fbef7347f66, type: 3}
      propertyPath: m_LocalRotation.y
      value: -0
      objectReference: {fileID: 0}
    - target: {fileID: 3753194837928410800, guid: 00c110db0cb2bff4da2c9fbef7347f66, type: 3}
      propertyPath: m_LocalRotation.z
      value: -0
      objectReference: {fileID: 0}
    - target: {fileID: 3753194837928410800, guid: 00c110db0cb2bff4da2c9fbef7347f66, type: 3}
      propertyPath: m_AnchoredPosition.x
      value: 0
      objectReference: {fileID: 0}
    - target: {fileID: 3753194837928410800, guid: 00c110db0cb2bff4da2c9fbef7347f66, type: 3}
      propertyPath: m_AnchoredPosition.y
      value: 0
      objectReference: {fileID: 0}
    - target: {fileID: 3753194837928410800, guid: 00c110db0cb2bff4da2c9fbef7347f66, type: 3}
      propertyPath: m_LocalEulerAnglesHint.x
      value: 0
      objectReference: {fileID: 0}
    - target: {fileID: 3753194837928410800, guid: 00c110db0cb2bff4da2c9fbef7347f66, type: 3}
      propertyPath: m_LocalEulerAnglesHint.y
      value: 0
      objectReference: {fileID: 0}
    - target: {fileID: 3753194837928410800, guid: 00c110db0cb2bff4da2c9fbef7347f66, type: 3}
      propertyPath: m_LocalEulerAnglesHint.z
      value: 0
      objectReference: {fileID: 0}
    - target: {fileID: 5566193097296675371, guid: 00c110db0cb2bff4da2c9fbef7347f66, type: 3}
      propertyPath: m_Name
      value: Character 0  LV Text (TMP)
      objectReference: {fileID: 0}
    - target: {fileID: 6131704564459161054, guid: 00c110db0cb2bff4da2c9fbef7347f66, type: 3}
      propertyPath: m_Name
      value: Character 0 Score Text (TMP)
      objectReference: {fileID: 0}
    m_RemovedComponents: []
  m_SourcePrefab: {fileID: 100100000, guid: 00c110db0cb2bff4da2c9fbef7347f66, type: 3}
--- !u!1 &2216648322130896518 stripped
GameObject:
  m_CorrespondingSourceObject: {fileID: 1919696880605864662, guid: 00c110db0cb2bff4da2c9fbef7347f66, type: 3}
  m_PrefabInstance: {fileID: 317292408933172304}
  m_PrefabAsset: {fileID: 0}
--- !u!224 &3490633935995452128 stripped
RectTransform:
  m_CorrespondingSourceObject: {fileID: 3753194837928410800, guid: 00c110db0cb2bff4da2c9fbef7347f66, type: 3}
  m_PrefabInstance: {fileID: 317292408933172304}
  m_PrefabAsset: {fileID: 0}
--- !u!114 &3756861539246807272 stripped
MonoBehaviour:
  m_CorrespondingSourceObject: {fileID: 3477960240958397624, guid: 00c110db0cb2bff4da2c9fbef7347f66, type: 3}
  m_PrefabInstance: {fileID: 317292408933172304}
  m_PrefabAsset: {fileID: 0}
  m_GameObject: {fileID: 0}
  m_Enabled: 1
  m_EditorHideFlags: 0
  m_Script: {fileID: 11500000, guid: f4688fdb7df04437aeb418b961361dc5, type: 3}
  m_Name: 
  m_EditorClassIdentifier: 
--- !u!114 &4680702880107944262 stripped
MonoBehaviour:
  m_CorrespondingSourceObject: {fileID: 4941026840666479894, guid: 00c110db0cb2bff4da2c9fbef7347f66, type: 3}
  m_PrefabInstance: {fileID: 317292408933172304}
  m_PrefabAsset: {fileID: 0}
  m_GameObject: {fileID: 0}
  m_Enabled: 1
  m_EditorHideFlags: 0
  m_Script: {fileID: 11500000, guid: f4688fdb7df04437aeb418b961361dc5, type: 3}
  m_Name: 
  m_EditorClassIdentifier: 
--- !u!114 &5984548431175457927 stripped
MonoBehaviour:
  m_CorrespondingSourceObject: {fileID: 6298949098614970583, guid: 00c110db0cb2bff4da2c9fbef7347f66, type: 3}
  m_PrefabInstance: {fileID: 317292408933172304}
  m_PrefabAsset: {fileID: 0}
  m_GameObject: {fileID: 0}
  m_Enabled: 1
  m_EditorHideFlags: 0
  m_Script: {fileID: 11500000, guid: f4688fdb7df04437aeb418b961361dc5, type: 3}
  m_Name: 
  m_EditorClassIdentifier: 
--- !u!1001 &3324640861112753605
PrefabInstance:
  m_ObjectHideFlags: 0
  serializedVersion: 2
  m_Modification:
    m_TransformParent: {fileID: 3324640862047935549}
    m_Modifications:
    - target: {fileID: 1919696880605864662, guid: 00c110db0cb2bff4da2c9fbef7347f66, type: 3}
      propertyPath: m_Name
      value: Character 3
      objectReference: {fileID: 0}
    - target: {fileID: 1939091398076403176, guid: 00c110db0cb2bff4da2c9fbef7347f66, type: 3}
      propertyPath: m_Name
      value: Character 3 Name Text (TMP)
      objectReference: {fileID: 0}
    - target: {fileID: 2468295665668851666, guid: 00c110db0cb2bff4da2c9fbef7347f66, type: 3}
      propertyPath: m_AnchoredPosition.x
      value: 2.6999512
      objectReference: {fileID: 0}
    - target: {fileID: 3753194837928410800, guid: 00c110db0cb2bff4da2c9fbef7347f66, type: 3}
      propertyPath: m_Pivot.x
      value: 0.5
      objectReference: {fileID: 0}
    - target: {fileID: 3753194837928410800, guid: 00c110db0cb2bff4da2c9fbef7347f66, type: 3}
      propertyPath: m_Pivot.y
      value: 0.5
      objectReference: {fileID: 0}
    - target: {fileID: 3753194837928410800, guid: 00c110db0cb2bff4da2c9fbef7347f66, type: 3}
      propertyPath: m_RootOrder
      value: 3
      objectReference: {fileID: 0}
    - target: {fileID: 3753194837928410800, guid: 00c110db0cb2bff4da2c9fbef7347f66, type: 3}
      propertyPath: m_AnchorMax.x
      value: 0
      objectReference: {fileID: 0}
    - target: {fileID: 3753194837928410800, guid: 00c110db0cb2bff4da2c9fbef7347f66, type: 3}
      propertyPath: m_AnchorMax.y
      value: 0
      objectReference: {fileID: 0}
    - target: {fileID: 3753194837928410800, guid: 00c110db0cb2bff4da2c9fbef7347f66, type: 3}
      propertyPath: m_AnchorMin.x
      value: 0
      objectReference: {fileID: 0}
    - target: {fileID: 3753194837928410800, guid: 00c110db0cb2bff4da2c9fbef7347f66, type: 3}
      propertyPath: m_AnchorMin.y
      value: 0
      objectReference: {fileID: 0}
    - target: {fileID: 3753194837928410800, guid: 00c110db0cb2bff4da2c9fbef7347f66, type: 3}
      propertyPath: m_SizeDelta.x
      value: 180
      objectReference: {fileID: 0}
    - target: {fileID: 3753194837928410800, guid: 00c110db0cb2bff4da2c9fbef7347f66, type: 3}
      propertyPath: m_SizeDelta.y
      value: 171.1772
      objectReference: {fileID: 0}
    - target: {fileID: 3753194837928410800, guid: 00c110db0cb2bff4da2c9fbef7347f66, type: 3}
      propertyPath: m_LocalPosition.x
      value: 0
      objectReference: {fileID: 0}
    - target: {fileID: 3753194837928410800, guid: 00c110db0cb2bff4da2c9fbef7347f66, type: 3}
      propertyPath: m_LocalPosition.y
      value: 0
      objectReference: {fileID: 0}
    - target: {fileID: 3753194837928410800, guid: 00c110db0cb2bff4da2c9fbef7347f66, type: 3}
      propertyPath: m_LocalPosition.z
      value: 0
      objectReference: {fileID: 0}
    - target: {fileID: 3753194837928410800, guid: 00c110db0cb2bff4da2c9fbef7347f66, type: 3}
      propertyPath: m_LocalRotation.w
      value: 1
      objectReference: {fileID: 0}
    - target: {fileID: 3753194837928410800, guid: 00c110db0cb2bff4da2c9fbef7347f66, type: 3}
      propertyPath: m_LocalRotation.x
      value: -0
      objectReference: {fileID: 0}
    - target: {fileID: 3753194837928410800, guid: 00c110db0cb2bff4da2c9fbef7347f66, type: 3}
      propertyPath: m_LocalRotation.y
      value: -0
      objectReference: {fileID: 0}
    - target: {fileID: 3753194837928410800, guid: 00c110db0cb2bff4da2c9fbef7347f66, type: 3}
      propertyPath: m_LocalRotation.z
      value: -0
      objectReference: {fileID: 0}
    - target: {fileID: 3753194837928410800, guid: 00c110db0cb2bff4da2c9fbef7347f66, type: 3}
      propertyPath: m_AnchoredPosition.x
      value: 0
      objectReference: {fileID: 0}
    - target: {fileID: 3753194837928410800, guid: 00c110db0cb2bff4da2c9fbef7347f66, type: 3}
      propertyPath: m_AnchoredPosition.y
      value: 0
      objectReference: {fileID: 0}
    - target: {fileID: 3753194837928410800, guid: 00c110db0cb2bff4da2c9fbef7347f66, type: 3}
      propertyPath: m_LocalEulerAnglesHint.x
      value: 0
      objectReference: {fileID: 0}
    - target: {fileID: 3753194837928410800, guid: 00c110db0cb2bff4da2c9fbef7347f66, type: 3}
      propertyPath: m_LocalEulerAnglesHint.y
      value: 0
      objectReference: {fileID: 0}
    - target: {fileID: 3753194837928410800, guid: 00c110db0cb2bff4da2c9fbef7347f66, type: 3}
      propertyPath: m_LocalEulerAnglesHint.z
      value: 0
      objectReference: {fileID: 0}
    - target: {fileID: 5566193097296675371, guid: 00c110db0cb2bff4da2c9fbef7347f66, type: 3}
      propertyPath: m_Name
      value: Character 3 LV Text (TMP)
      objectReference: {fileID: 0}
    - target: {fileID: 6131704564459161054, guid: 00c110db0cb2bff4da2c9fbef7347f66, type: 3}
      propertyPath: m_Name
      value: Character 3 Score Text (TMP)
      objectReference: {fileID: 0}
    m_RemovedComponents: []
  m_SourcePrefab: {fileID: 100100000, guid: 00c110db0cb2bff4da2c9fbef7347f66, type: 3}
--- !u!224 &1888549682998846325 stripped
RectTransform:
  m_CorrespondingSourceObject: {fileID: 3753194837928410800, guid: 00c110db0cb2bff4da2c9fbef7347f66, type: 3}
  m_PrefabInstance: {fileID: 3324640861112753605}
  m_PrefabAsset: {fileID: 0}
--- !u!114 &2190804775990067581 stripped
MonoBehaviour:
  m_CorrespondingSourceObject: {fileID: 3477960240958397624, guid: 00c110db0cb2bff4da2c9fbef7347f66, type: 3}
  m_PrefabInstance: {fileID: 3324640861112753605}
  m_PrefabAsset: {fileID: 0}
  m_GameObject: {fileID: 0}
  m_Enabled: 1
  m_EditorHideFlags: 0
  m_Script: {fileID: 11500000, guid: f4688fdb7df04437aeb418b961361dc5, type: 3}
  m_Name: 
  m_EditorClassIdentifier: 
--- !u!1 &3785096385740668691 stripped
GameObject:
  m_CorrespondingSourceObject: {fileID: 1919696880605864662, guid: 00c110db0cb2bff4da2c9fbef7347f66, type: 3}
  m_PrefabInstance: {fileID: 3324640861112753605}
  m_PrefabAsset: {fileID: 0}
--- !u!114 &7688051950222786771 stripped
MonoBehaviour:
  m_CorrespondingSourceObject: {fileID: 4941026840666479894, guid: 00c110db0cb2bff4da2c9fbef7347f66, type: 3}
  m_PrefabInstance: {fileID: 3324640861112753605}
  m_PrefabAsset: {fileID: 0}
  m_GameObject: {fileID: 0}
  m_Enabled: 1
  m_EditorHideFlags: 0
  m_Script: {fileID: 11500000, guid: f4688fdb7df04437aeb418b961361dc5, type: 3}
  m_Name: 
  m_EditorClassIdentifier: 
--- !u!114 &8739556045814859026 stripped
MonoBehaviour:
  m_CorrespondingSourceObject: {fileID: 6298949098614970583, guid: 00c110db0cb2bff4da2c9fbef7347f66, type: 3}
  m_PrefabInstance: {fileID: 3324640861112753605}
  m_PrefabAsset: {fileID: 0}
  m_GameObject: {fileID: 0}
  m_Enabled: 1
  m_EditorHideFlags: 0
  m_Script: {fileID: 11500000, guid: f4688fdb7df04437aeb418b961361dc5, type: 3}
  m_Name: 
  m_EditorClassIdentifier: 
--- !u!1001 &3324640861446877489
PrefabInstance:
  m_ObjectHideFlags: 0
  serializedVersion: 2
  m_Modification:
    m_TransformParent: {fileID: 3324640862047935549}
    m_Modifications:
    - target: {fileID: 1919696880605864662, guid: 00c110db0cb2bff4da2c9fbef7347f66, type: 3}
      propertyPath: m_Name
      value: Character 2
      objectReference: {fileID: 0}
    - target: {fileID: 1939091398076403176, guid: 00c110db0cb2bff4da2c9fbef7347f66, type: 3}
      propertyPath: m_Name
      value: Character 2 Name Text (TMP)
      objectReference: {fileID: 0}
    - target: {fileID: 2468295665668851666, guid: 00c110db0cb2bff4da2c9fbef7347f66, type: 3}
      propertyPath: m_AnchoredPosition.x
      value: 2.6999512
      objectReference: {fileID: 0}
    - target: {fileID: 3753194837928410800, guid: 00c110db0cb2bff4da2c9fbef7347f66, type: 3}
      propertyPath: m_Pivot.x
      value: 0.5
      objectReference: {fileID: 0}
    - target: {fileID: 3753194837928410800, guid: 00c110db0cb2bff4da2c9fbef7347f66, type: 3}
      propertyPath: m_Pivot.y
      value: 0.5
      objectReference: {fileID: 0}
    - target: {fileID: 3753194837928410800, guid: 00c110db0cb2bff4da2c9fbef7347f66, type: 3}
      propertyPath: m_RootOrder
      value: 2
      objectReference: {fileID: 0}
    - target: {fileID: 3753194837928410800, guid: 00c110db0cb2bff4da2c9fbef7347f66, type: 3}
      propertyPath: m_AnchorMax.x
      value: 0
      objectReference: {fileID: 0}
    - target: {fileID: 3753194837928410800, guid: 00c110db0cb2bff4da2c9fbef7347f66, type: 3}
      propertyPath: m_AnchorMax.y
      value: 0
      objectReference: {fileID: 0}
    - target: {fileID: 3753194837928410800, guid: 00c110db0cb2bff4da2c9fbef7347f66, type: 3}
      propertyPath: m_AnchorMin.x
      value: 0
      objectReference: {fileID: 0}
    - target: {fileID: 3753194837928410800, guid: 00c110db0cb2bff4da2c9fbef7347f66, type: 3}
      propertyPath: m_AnchorMin.y
      value: 0
      objectReference: {fileID: 0}
    - target: {fileID: 3753194837928410800, guid: 00c110db0cb2bff4da2c9fbef7347f66, type: 3}
      propertyPath: m_SizeDelta.x
      value: 180
      objectReference: {fileID: 0}
    - target: {fileID: 3753194837928410800, guid: 00c110db0cb2bff4da2c9fbef7347f66, type: 3}
      propertyPath: m_SizeDelta.y
      value: 171.1772
      objectReference: {fileID: 0}
    - target: {fileID: 3753194837928410800, guid: 00c110db0cb2bff4da2c9fbef7347f66, type: 3}
      propertyPath: m_LocalPosition.x
      value: 0
      objectReference: {fileID: 0}
    - target: {fileID: 3753194837928410800, guid: 00c110db0cb2bff4da2c9fbef7347f66, type: 3}
      propertyPath: m_LocalPosition.y
      value: 0
      objectReference: {fileID: 0}
    - target: {fileID: 3753194837928410800, guid: 00c110db0cb2bff4da2c9fbef7347f66, type: 3}
      propertyPath: m_LocalPosition.z
      value: 0
      objectReference: {fileID: 0}
    - target: {fileID: 3753194837928410800, guid: 00c110db0cb2bff4da2c9fbef7347f66, type: 3}
      propertyPath: m_LocalRotation.w
      value: 1
      objectReference: {fileID: 0}
    - target: {fileID: 3753194837928410800, guid: 00c110db0cb2bff4da2c9fbef7347f66, type: 3}
      propertyPath: m_LocalRotation.x
      value: -0
      objectReference: {fileID: 0}
    - target: {fileID: 3753194837928410800, guid: 00c110db0cb2bff4da2c9fbef7347f66, type: 3}
      propertyPath: m_LocalRotation.y
      value: -0
      objectReference: {fileID: 0}
    - target: {fileID: 3753194837928410800, guid: 00c110db0cb2bff4da2c9fbef7347f66, type: 3}
      propertyPath: m_LocalRotation.z
      value: -0
      objectReference: {fileID: 0}
    - target: {fileID: 3753194837928410800, guid: 00c110db0cb2bff4da2c9fbef7347f66, type: 3}
      propertyPath: m_AnchoredPosition.x
      value: 0
      objectReference: {fileID: 0}
    - target: {fileID: 3753194837928410800, guid: 00c110db0cb2bff4da2c9fbef7347f66, type: 3}
      propertyPath: m_AnchoredPosition.y
      value: 0
      objectReference: {fileID: 0}
    - target: {fileID: 3753194837928410800, guid: 00c110db0cb2bff4da2c9fbef7347f66, type: 3}
      propertyPath: m_LocalEulerAnglesHint.x
      value: 0
      objectReference: {fileID: 0}
    - target: {fileID: 3753194837928410800, guid: 00c110db0cb2bff4da2c9fbef7347f66, type: 3}
      propertyPath: m_LocalEulerAnglesHint.y
      value: 0
      objectReference: {fileID: 0}
    - target: {fileID: 3753194837928410800, guid: 00c110db0cb2bff4da2c9fbef7347f66, type: 3}
      propertyPath: m_LocalEulerAnglesHint.z
      value: 0
      objectReference: {fileID: 0}
    - target: {fileID: 5566193097296675371, guid: 00c110db0cb2bff4da2c9fbef7347f66, type: 3}
      propertyPath: m_Name
      value: Character 2  LV Text (TMP)
      objectReference: {fileID: 0}
    - target: {fileID: 6131704564459161054, guid: 00c110db0cb2bff4da2c9fbef7347f66, type: 3}
      propertyPath: m_Name
      value: Character 2 Score Text (TMP)
      objectReference: {fileID: 0}
    m_RemovedComponents: []
  m_SourcePrefab: {fileID: 100100000, guid: 00c110db0cb2bff4da2c9fbef7347f66, type: 3}
--- !u!224 &1888549683736301441 stripped
RectTransform:
  m_CorrespondingSourceObject: {fileID: 3753194837928410800, guid: 00c110db0cb2bff4da2c9fbef7347f66, type: 3}
  m_PrefabInstance: {fileID: 3324640861446877489}
  m_PrefabAsset: {fileID: 0}
--- !u!114 &2190804776324427145 stripped
MonoBehaviour:
  m_CorrespondingSourceObject: {fileID: 3477960240958397624, guid: 00c110db0cb2bff4da2c9fbef7347f66, type: 3}
  m_PrefabInstance: {fileID: 3324640861446877489}
  m_PrefabAsset: {fileID: 0}
  m_GameObject: {fileID: 0}
  m_Enabled: 1
  m_EditorHideFlags: 0
  m_Script: {fileID: 11500000, guid: f4688fdb7df04437aeb418b961361dc5, type: 3}
  m_Name: 
  m_EditorClassIdentifier: 
--- !u!1 &3785096386211091431 stripped
GameObject:
  m_CorrespondingSourceObject: {fileID: 1919696880605864662, guid: 00c110db0cb2bff4da2c9fbef7347f66, type: 3}
  m_PrefabInstance: {fileID: 3324640861446877489}
  m_PrefabAsset: {fileID: 0}
--- !u!114 &7688051950961732647 stripped
MonoBehaviour:
  m_CorrespondingSourceObject: {fileID: 4941026840666479894, guid: 00c110db0cb2bff4da2c9fbef7347f66, type: 3}
  m_PrefabInstance: {fileID: 3324640861446877489}
  m_PrefabAsset: {fileID: 0}
  m_GameObject: {fileID: 0}
  m_Enabled: 1
  m_EditorHideFlags: 0
  m_Script: {fileID: 11500000, guid: f4688fdb7df04437aeb418b961361dc5, type: 3}
  m_Name: 
  m_EditorClassIdentifier: 
--- !u!114 &8739556045346335206 stripped
MonoBehaviour:
  m_CorrespondingSourceObject: {fileID: 6298949098614970583, guid: 00c110db0cb2bff4da2c9fbef7347f66, type: 3}
  m_PrefabInstance: {fileID: 3324640861446877489}
  m_PrefabAsset: {fileID: 0}
  m_GameObject: {fileID: 0}
  m_Enabled: 1
  m_EditorHideFlags: 0
  m_Script: {fileID: 11500000, guid: f4688fdb7df04437aeb418b961361dc5, type: 3}
  m_Name: 
  m_EditorClassIdentifier: 
--- !u!1001 &3324640862190943683
PrefabInstance:
  m_ObjectHideFlags: 0
  serializedVersion: 2
  m_Modification:
    m_TransformParent: {fileID: 3324640862047935549}
    m_Modifications:
    - target: {fileID: 1919696880605864662, guid: 00c110db0cb2bff4da2c9fbef7347f66, type: 3}
      propertyPath: m_Name
      value: Character 1
      objectReference: {fileID: 0}
    - target: {fileID: 1939091398076403176, guid: 00c110db0cb2bff4da2c9fbef7347f66, type: 3}
      propertyPath: m_Name
      value: Character 1 Name Text (TMP)
      objectReference: {fileID: 0}
    - target: {fileID: 2468295665668851666, guid: 00c110db0cb2bff4da2c9fbef7347f66, type: 3}
      propertyPath: m_AnchoredPosition.x
      value: 2.6999512
      objectReference: {fileID: 0}
    - target: {fileID: 3753194837928410800, guid: 00c110db0cb2bff4da2c9fbef7347f66, type: 3}
      propertyPath: m_Pivot.x
      value: 0.5
      objectReference: {fileID: 0}
    - target: {fileID: 3753194837928410800, guid: 00c110db0cb2bff4da2c9fbef7347f66, type: 3}
      propertyPath: m_Pivot.y
      value: 0.5
      objectReference: {fileID: 0}
    - target: {fileID: 3753194837928410800, guid: 00c110db0cb2bff4da2c9fbef7347f66, type: 3}
      propertyPath: m_RootOrder
      value: 1
      objectReference: {fileID: 0}
    - target: {fileID: 3753194837928410800, guid: 00c110db0cb2bff4da2c9fbef7347f66, type: 3}
      propertyPath: m_AnchorMax.x
      value: 0
      objectReference: {fileID: 0}
    - target: {fileID: 3753194837928410800, guid: 00c110db0cb2bff4da2c9fbef7347f66, type: 3}
      propertyPath: m_AnchorMax.y
      value: 0
      objectReference: {fileID: 0}
    - target: {fileID: 3753194837928410800, guid: 00c110db0cb2bff4da2c9fbef7347f66, type: 3}
      propertyPath: m_AnchorMin.x
      value: 0
      objectReference: {fileID: 0}
    - target: {fileID: 3753194837928410800, guid: 00c110db0cb2bff4da2c9fbef7347f66, type: 3}
      propertyPath: m_AnchorMin.y
      value: 0
      objectReference: {fileID: 0}
    - target: {fileID: 3753194837928410800, guid: 00c110db0cb2bff4da2c9fbef7347f66, type: 3}
      propertyPath: m_SizeDelta.x
      value: 180
      objectReference: {fileID: 0}
    - target: {fileID: 3753194837928410800, guid: 00c110db0cb2bff4da2c9fbef7347f66, type: 3}
      propertyPath: m_SizeDelta.y
      value: 171.1772
      objectReference: {fileID: 0}
    - target: {fileID: 3753194837928410800, guid: 00c110db0cb2bff4da2c9fbef7347f66, type: 3}
      propertyPath: m_LocalPosition.x
      value: 0
      objectReference: {fileID: 0}
    - target: {fileID: 3753194837928410800, guid: 00c110db0cb2bff4da2c9fbef7347f66, type: 3}
      propertyPath: m_LocalPosition.y
      value: 0
      objectReference: {fileID: 0}
    - target: {fileID: 3753194837928410800, guid: 00c110db0cb2bff4da2c9fbef7347f66, type: 3}
      propertyPath: m_LocalPosition.z
      value: 0
      objectReference: {fileID: 0}
    - target: {fileID: 3753194837928410800, guid: 00c110db0cb2bff4da2c9fbef7347f66, type: 3}
      propertyPath: m_LocalRotation.w
      value: 1
      objectReference: {fileID: 0}
    - target: {fileID: 3753194837928410800, guid: 00c110db0cb2bff4da2c9fbef7347f66, type: 3}
      propertyPath: m_LocalRotation.x
      value: -0
      objectReference: {fileID: 0}
    - target: {fileID: 3753194837928410800, guid: 00c110db0cb2bff4da2c9fbef7347f66, type: 3}
      propertyPath: m_LocalRotation.y
      value: -0
      objectReference: {fileID: 0}
    - target: {fileID: 3753194837928410800, guid: 00c110db0cb2bff4da2c9fbef7347f66, type: 3}
      propertyPath: m_LocalRotation.z
      value: -0
      objectReference: {fileID: 0}
    - target: {fileID: 3753194837928410800, guid: 00c110db0cb2bff4da2c9fbef7347f66, type: 3}
      propertyPath: m_AnchoredPosition.x
      value: 0
      objectReference: {fileID: 0}
    - target: {fileID: 3753194837928410800, guid: 00c110db0cb2bff4da2c9fbef7347f66, type: 3}
      propertyPath: m_AnchoredPosition.y
      value: 0
      objectReference: {fileID: 0}
    - target: {fileID: 3753194837928410800, guid: 00c110db0cb2bff4da2c9fbef7347f66, type: 3}
      propertyPath: m_LocalEulerAnglesHint.x
      value: 0
      objectReference: {fileID: 0}
    - target: {fileID: 3753194837928410800, guid: 00c110db0cb2bff4da2c9fbef7347f66, type: 3}
      propertyPath: m_LocalEulerAnglesHint.y
      value: 0
      objectReference: {fileID: 0}
    - target: {fileID: 3753194837928410800, guid: 00c110db0cb2bff4da2c9fbef7347f66, type: 3}
      propertyPath: m_LocalEulerAnglesHint.z
      value: 0
      objectReference: {fileID: 0}
    - target: {fileID: 5566193097296675371, guid: 00c110db0cb2bff4da2c9fbef7347f66, type: 3}
      propertyPath: m_Name
      value: Character 1  LV Text (TMP)
      objectReference: {fileID: 0}
    - target: {fileID: 6131704564459161054, guid: 00c110db0cb2bff4da2c9fbef7347f66, type: 3}
      propertyPath: m_Name
      value: Character 1 Score Text (TMP)
      objectReference: {fileID: 0}
    m_RemovedComponents: []
  m_SourcePrefab: {fileID: 100100000, guid: 00c110db0cb2bff4da2c9fbef7347f66, type: 3}
--- !u!224 &1888549681914364787 stripped
RectTransform:
  m_CorrespondingSourceObject: {fileID: 3753194837928410800, guid: 00c110db0cb2bff4da2c9fbef7347f66, type: 3}
  m_PrefabInstance: {fileID: 3324640862190943683}
  m_PrefabAsset: {fileID: 0}
--- !u!114 &2190804777076679035 stripped
MonoBehaviour:
  m_CorrespondingSourceObject: {fileID: 3477960240958397624, guid: 00c110db0cb2bff4da2c9fbef7347f66, type: 3}
  m_PrefabInstance: {fileID: 3324640862190943683}
  m_PrefabAsset: {fileID: 0}
  m_GameObject: {fileID: 0}
  m_Enabled: 1
  m_EditorHideFlags: 0
  m_Script: {fileID: 11500000, guid: f4688fdb7df04437aeb418b961361dc5, type: 3}
  m_Name: 
  m_EditorClassIdentifier: 
--- !u!1 &3785096384660872981 stripped
GameObject:
  m_CorrespondingSourceObject: {fileID: 1919696880605864662, guid: 00c110db0cb2bff4da2c9fbef7347f66, type: 3}
  m_PrefabInstance: {fileID: 3324640862190943683}
  m_PrefabAsset: {fileID: 0}
--- !u!114 &7688051951287345365 stripped
MonoBehaviour:
  m_CorrespondingSourceObject: {fileID: 4941026840666479894, guid: 00c110db0cb2bff4da2c9fbef7347f66, type: 3}
  m_PrefabInstance: {fileID: 3324640862190943683}
  m_PrefabAsset: {fileID: 0}
  m_GameObject: {fileID: 0}
  m_Enabled: 1
  m_EditorHideFlags: 0
  m_Script: {fileID: 11500000, guid: f4688fdb7df04437aeb418b961361dc5, type: 3}
  m_Name: 
  m_EditorClassIdentifier: 
--- !u!114 &8739556044744025364 stripped
MonoBehaviour:
  m_CorrespondingSourceObject: {fileID: 6298949098614970583, guid: 00c110db0cb2bff4da2c9fbef7347f66, type: 3}
  m_PrefabInstance: {fileID: 3324640862190943683}
  m_PrefabAsset: {fileID: 0}
  m_GameObject: {fileID: 0}
  m_Enabled: 1
  m_EditorHideFlags: 0
  m_Script: {fileID: 11500000, guid: f4688fdb7df04437aeb418b961361dc5, type: 3}
  m_Name: 
  m_EditorClassIdentifier: 
--- !u!1001 &3324640862594599970
PrefabInstance:
  m_ObjectHideFlags: 0
  serializedVersion: 2
  m_Modification:
    m_TransformParent: {fileID: 3324640861717667446}
    m_Modifications:
    - target: {fileID: 151648615063060702, guid: b819572e63b35c84e908a9d86e99c4a2, type: 3}
      propertyPath: m_text
      value: Team B
      objectReference: {fileID: 0}
    - target: {fileID: 844382077959970787, guid: b819572e63b35c84e908a9d86e99c4a2, type: 3}
      propertyPath: m_Name
      value: Team B LV Text (TMP)
      objectReference: {fileID: 0}
    - target: {fileID: 1409907021387520022, guid: b819572e63b35c84e908a9d86e99c4a2, type: 3}
      propertyPath: m_Name
      value: Team B Score Text (TMP)
      objectReference: {fileID: 0}
    - target: {fileID: 6641943049921052446, guid: b819572e63b35c84e908a9d86e99c4a2, type: 3}
      propertyPath: m_Name
      value: Team B
      objectReference: {fileID: 0}
    - target: {fileID: 6656821065681408032, guid: b819572e63b35c84e908a9d86e99c4a2, type: 3}
      propertyPath: m_Name
      value: Team B Name Text (TMP)
      objectReference: {fileID: 0}
    - target: {fileID: 7262595305853360666, guid: b819572e63b35c84e908a9d86e99c4a2, type: 3}
      propertyPath: m_AnchoredPosition.x
      value: 2.7000122
      objectReference: {fileID: 0}
    - target: {fileID: 8259259729416971128, guid: b819572e63b35c84e908a9d86e99c4a2, type: 3}
      propertyPath: m_Pivot.x
      value: 0.5
      objectReference: {fileID: 0}
    - target: {fileID: 8259259729416971128, guid: b819572e63b35c84e908a9d86e99c4a2, type: 3}
      propertyPath: m_Pivot.y
      value: 0.5
      objectReference: {fileID: 0}
    - target: {fileID: 8259259729416971128, guid: b819572e63b35c84e908a9d86e99c4a2, type: 3}
      propertyPath: m_RootOrder
      value: 1
      objectReference: {fileID: 0}
    - target: {fileID: 8259259729416971128, guid: b819572e63b35c84e908a9d86e99c4a2, type: 3}
      propertyPath: m_AnchorMax.x
      value: 0.5
      objectReference: {fileID: 0}
    - target: {fileID: 8259259729416971128, guid: b819572e63b35c84e908a9d86e99c4a2, type: 3}
      propertyPath: m_AnchorMax.y
      value: 1
      objectReference: {fileID: 0}
    - target: {fileID: 8259259729416971128, guid: b819572e63b35c84e908a9d86e99c4a2, type: 3}
      propertyPath: m_AnchorMin.x
      value: 0.5
      objectReference: {fileID: 0}
    - target: {fileID: 8259259729416971128, guid: b819572e63b35c84e908a9d86e99c4a2, type: 3}
      propertyPath: m_AnchorMin.y
      value: 1
      objectReference: {fileID: 0}
    - target: {fileID: 8259259729416971128, guid: b819572e63b35c84e908a9d86e99c4a2, type: 3}
      propertyPath: m_SizeDelta.x
      value: 178.30005
      objectReference: {fileID: 0}
    - target: {fileID: 8259259729416971128, guid: b819572e63b35c84e908a9d86e99c4a2, type: 3}
      propertyPath: m_SizeDelta.y
      value: 136.16998
      objectReference: {fileID: 0}
    - target: {fileID: 8259259729416971128, guid: b819572e63b35c84e908a9d86e99c4a2, type: 3}
      propertyPath: m_LocalPosition.x
      value: 0
      objectReference: {fileID: 0}
    - target: {fileID: 8259259729416971128, guid: b819572e63b35c84e908a9d86e99c4a2, type: 3}
      propertyPath: m_LocalPosition.y
      value: 0
      objectReference: {fileID: 0}
    - target: {fileID: 8259259729416971128, guid: b819572e63b35c84e908a9d86e99c4a2, type: 3}
      propertyPath: m_LocalPosition.z
      value: 0
      objectReference: {fileID: 0}
    - target: {fileID: 8259259729416971128, guid: b819572e63b35c84e908a9d86e99c4a2, type: 3}
      propertyPath: m_LocalRotation.w
      value: 1
      objectReference: {fileID: 0}
    - target: {fileID: 8259259729416971128, guid: b819572e63b35c84e908a9d86e99c4a2, type: 3}
      propertyPath: m_LocalRotation.x
      value: -0
      objectReference: {fileID: 0}
    - target: {fileID: 8259259729416971128, guid: b819572e63b35c84e908a9d86e99c4a2, type: 3}
      propertyPath: m_LocalRotation.y
      value: -0
      objectReference: {fileID: 0}
    - target: {fileID: 8259259729416971128, guid: b819572e63b35c84e908a9d86e99c4a2, type: 3}
      propertyPath: m_LocalRotation.z
      value: -0
      objectReference: {fileID: 0}
    - target: {fileID: 8259259729416971128, guid: b819572e63b35c84e908a9d86e99c4a2, type: 3}
      propertyPath: m_AnchoredPosition.x
      value: 150
      objectReference: {fileID: 0}
    - target: {fileID: 8259259729416971128, guid: b819572e63b35c84e908a9d86e99c4a2, type: 3}
      propertyPath: m_AnchoredPosition.y
      value: -100.005005
      objectReference: {fileID: 0}
    - target: {fileID: 8259259729416971128, guid: b819572e63b35c84e908a9d86e99c4a2, type: 3}
      propertyPath: m_LocalEulerAnglesHint.x
      value: 0
      objectReference: {fileID: 0}
    - target: {fileID: 8259259729416971128, guid: b819572e63b35c84e908a9d86e99c4a2, type: 3}
      propertyPath: m_LocalEulerAnglesHint.y
      value: 0
      objectReference: {fileID: 0}
    - target: {fileID: 8259259729416971128, guid: b819572e63b35c84e908a9d86e99c4a2, type: 3}
      propertyPath: m_LocalEulerAnglesHint.z
      value: 0
      objectReference: {fileID: 0}
    m_RemovedComponents: []
  m_SourcePrefab: {fileID: 100100000, guid: b819572e63b35c84e908a9d86e99c4a2, type: 3}
--- !u!114 &4594214556223293757 stripped
MonoBehaviour:
  m_CorrespondingSourceObject: {fileID: 1288754018997060895, guid: b819572e63b35c84e908a9d86e99c4a2, type: 3}
  m_PrefabInstance: {fileID: 3324640862594599970}
  m_PrefabAsset: {fileID: 0}
  m_GameObject: {fileID: 0}
  m_Enabled: 1
  m_EditorHideFlags: 0
  m_Script: {fileID: 11500000, guid: f4688fdb7df04437aeb418b961361dc5, type: 3}
  m_Name: 
  m_EditorClassIdentifier: 
--- !u!114 &6408485317433216338 stripped
MonoBehaviour:
  m_CorrespondingSourceObject: {fileID: 8560494406771851632, guid: b819572e63b35c84e908a9d86e99c4a2, type: 3}
  m_PrefabInstance: {fileID: 3324640862594599970}
  m_PrefabAsset: {fileID: 0}
  m_GameObject: {fileID: 0}
  m_Enabled: 1
  m_EditorHideFlags: 0
  m_Script: {fileID: 11500000, guid: f4688fdb7df04437aeb418b961361dc5, type: 3}
  m_Name: 
  m_EditorClassIdentifier: 
--- !u!224 &6682699496325214042 stripped
RectTransform:
  m_CorrespondingSourceObject: {fileID: 8259259729416971128, guid: b819572e63b35c84e908a9d86e99c4a2, type: 3}
  m_PrefabInstance: {fileID: 3324640862594599970}
  m_PrefabAsset: {fileID: 0}
--- !u!1001 &5782026772049083489
PrefabInstance:
  m_ObjectHideFlags: 0
  serializedVersion: 2
  m_Modification:
    m_TransformParent: {fileID: 3324640861717667446}
    m_Modifications:
    - target: {fileID: 6641943049921052446, guid: b819572e63b35c84e908a9d86e99c4a2, type: 3}
      propertyPath: m_Name
      value: Team A
      objectReference: {fileID: 0}
    - target: {fileID: 7262595305853360666, guid: b819572e63b35c84e908a9d86e99c4a2, type: 3}
      propertyPath: m_AnchoredPosition.x
      value: 2.6999512
      objectReference: {fileID: 0}
    - target: {fileID: 8259259729416971128, guid: b819572e63b35c84e908a9d86e99c4a2, type: 3}
      propertyPath: m_Pivot.x
      value: 0.5
      objectReference: {fileID: 0}
    - target: {fileID: 8259259729416971128, guid: b819572e63b35c84e908a9d86e99c4a2, type: 3}
      propertyPath: m_Pivot.y
      value: 0.5
      objectReference: {fileID: 0}
    - target: {fileID: 8259259729416971128, guid: b819572e63b35c84e908a9d86e99c4a2, type: 3}
      propertyPath: m_RootOrder
      value: 0
      objectReference: {fileID: 0}
    - target: {fileID: 8259259729416971128, guid: b819572e63b35c84e908a9d86e99c4a2, type: 3}
      propertyPath: m_AnchorMax.x
      value: 0.5
      objectReference: {fileID: 0}
    - target: {fileID: 8259259729416971128, guid: b819572e63b35c84e908a9d86e99c4a2, type: 3}
      propertyPath: m_AnchorMax.y
      value: 1
      objectReference: {fileID: 0}
    - target: {fileID: 8259259729416971128, guid: b819572e63b35c84e908a9d86e99c4a2, type: 3}
      propertyPath: m_AnchorMin.x
      value: 0.5
      objectReference: {fileID: 0}
    - target: {fileID: 8259259729416971128, guid: b819572e63b35c84e908a9d86e99c4a2, type: 3}
      propertyPath: m_AnchorMin.y
      value: 1
      objectReference: {fileID: 0}
    - target: {fileID: 8259259729416971128, guid: b819572e63b35c84e908a9d86e99c4a2, type: 3}
      propertyPath: m_SizeDelta.x
      value: 178.30005
      objectReference: {fileID: 0}
    - target: {fileID: 8259259729416971128, guid: b819572e63b35c84e908a9d86e99c4a2, type: 3}
      propertyPath: m_SizeDelta.y
      value: 136.16998
      objectReference: {fileID: 0}
    - target: {fileID: 8259259729416971128, guid: b819572e63b35c84e908a9d86e99c4a2, type: 3}
      propertyPath: m_LocalPosition.x
      value: 0
      objectReference: {fileID: 0}
    - target: {fileID: 8259259729416971128, guid: b819572e63b35c84e908a9d86e99c4a2, type: 3}
      propertyPath: m_LocalPosition.y
      value: 0
      objectReference: {fileID: 0}
    - target: {fileID: 8259259729416971128, guid: b819572e63b35c84e908a9d86e99c4a2, type: 3}
      propertyPath: m_LocalPosition.z
      value: 0
      objectReference: {fileID: 0}
    - target: {fileID: 8259259729416971128, guid: b819572e63b35c84e908a9d86e99c4a2, type: 3}
      propertyPath: m_LocalRotation.w
      value: 1
      objectReference: {fileID: 0}
    - target: {fileID: 8259259729416971128, guid: b819572e63b35c84e908a9d86e99c4a2, type: 3}
      propertyPath: m_LocalRotation.x
      value: -0
      objectReference: {fileID: 0}
    - target: {fileID: 8259259729416971128, guid: b819572e63b35c84e908a9d86e99c4a2, type: 3}
      propertyPath: m_LocalRotation.y
      value: -0
      objectReference: {fileID: 0}
    - target: {fileID: 8259259729416971128, guid: b819572e63b35c84e908a9d86e99c4a2, type: 3}
      propertyPath: m_LocalRotation.z
      value: -0
      objectReference: {fileID: 0}
    - target: {fileID: 8259259729416971128, guid: b819572e63b35c84e908a9d86e99c4a2, type: 3}
      propertyPath: m_AnchoredPosition.x
      value: -150
      objectReference: {fileID: 0}
    - target: {fileID: 8259259729416971128, guid: b819572e63b35c84e908a9d86e99c4a2, type: 3}
      propertyPath: m_AnchoredPosition.y
      value: -100.005005
      objectReference: {fileID: 0}
    - target: {fileID: 8259259729416971128, guid: b819572e63b35c84e908a9d86e99c4a2, type: 3}
      propertyPath: m_LocalEulerAnglesHint.x
      value: 0
      objectReference: {fileID: 0}
    - target: {fileID: 8259259729416971128, guid: b819572e63b35c84e908a9d86e99c4a2, type: 3}
      propertyPath: m_LocalEulerAnglesHint.y
      value: 0
      objectReference: {fileID: 0}
    - target: {fileID: 8259259729416971128, guid: b819572e63b35c84e908a9d86e99c4a2, type: 3}
      propertyPath: m_LocalEulerAnglesHint.z
      value: 0
      objectReference: {fileID: 0}
    m_RemovedComponents: []
  m_SourcePrefab: {fileID: 100100000, guid: b819572e63b35c84e908a9d86e99c4a2, type: 3}
--- !u!224 &2495885073167867673 stripped
RectTransform:
  m_CorrespondingSourceObject: {fileID: 8259259729416971128, guid: b819572e63b35c84e908a9d86e99c4a2, type: 3}
  m_PrefabInstance: {fileID: 5782026772049083489}
  m_PrefabAsset: {fileID: 0}
--- !u!114 &2806058094613921041 stripped
MonoBehaviour:
  m_CorrespondingSourceObject: {fileID: 8560494406771851632, guid: b819572e63b35c84e908a9d86e99c4a2, type: 3}
  m_PrefabInstance: {fileID: 5782026772049083489}
  m_PrefabAsset: {fileID: 0}
  m_GameObject: {fileID: 0}
  m_Enabled: 1
  m_EditorHideFlags: 0
  m_Script: {fileID: 11500000, guid: f4688fdb7df04437aeb418b961361dc5, type: 3}
  m_Name: 
  m_EditorClassIdentifier: 
--- !u!114 &4746635974814333310 stripped
MonoBehaviour:
  m_CorrespondingSourceObject: {fileID: 1288754018997060895, guid: b819572e63b35c84e908a9d86e99c4a2, type: 3}
  m_PrefabInstance: {fileID: 5782026772049083489}
  m_PrefabAsset: {fileID: 0}
  m_GameObject: {fileID: 0}
  m_Enabled: 1
  m_EditorHideFlags: 0
  m_Script: {fileID: 11500000, guid: f4688fdb7df04437aeb418b961361dc5, type: 3}
  m_Name: 
  m_EditorClassIdentifier: 
--- !u!1001 &6111270204992314797
PrefabInstance:
  m_ObjectHideFlags: 0
  serializedVersion: 2
  m_Modification:
    m_TransformParent: {fileID: 3324640862300910796}
    m_Modifications:
    - target: {fileID: 923452184, guid: 70ed73ade4ce1ea4cbe7709b0aeb791e, type: 3}
      propertyPath: m_Sprite
      value: 
      objectReference: {fileID: 21300000, guid: f1087d61492353548a411f981652c7ac, type: 3}
    - target: {fileID: 1001429422, guid: 70ed73ade4ce1ea4cbe7709b0aeb791e, type: 3}
      propertyPath: m_text
      value: Exit
      objectReference: {fileID: 0}
    - target: {fileID: 2886920044448668309, guid: 70ed73ade4ce1ea4cbe7709b0aeb791e, type: 3}
      propertyPath: button
      value: 1
      objectReference: {fileID: 0}
    - target: {fileID: 2886920044448668313, guid: 70ed73ade4ce1ea4cbe7709b0aeb791e, type: 3}
      propertyPath: m_Name
      value: Exit Gamepad Hold Button
      objectReference: {fileID: 0}
    - target: {fileID: 2886920044448668314, guid: 70ed73ade4ce1ea4cbe7709b0aeb791e, type: 3}
      propertyPath: m_Pivot.x
      value: 1
      objectReference: {fileID: 0}
    - target: {fileID: 2886920044448668314, guid: 70ed73ade4ce1ea4cbe7709b0aeb791e, type: 3}
      propertyPath: m_Pivot.y
      value: 0
      objectReference: {fileID: 0}
    - target: {fileID: 2886920044448668314, guid: 70ed73ade4ce1ea4cbe7709b0aeb791e, type: 3}
      propertyPath: m_RootOrder
      value: 6
      objectReference: {fileID: 0}
    - target: {fileID: 2886920044448668314, guid: 70ed73ade4ce1ea4cbe7709b0aeb791e, type: 3}
      propertyPath: m_AnchorMax.x
      value: 1
      objectReference: {fileID: 0}
    - target: {fileID: 2886920044448668314, guid: 70ed73ade4ce1ea4cbe7709b0aeb791e, type: 3}
      propertyPath: m_AnchorMax.y
      value: 0
      objectReference: {fileID: 0}
    - target: {fileID: 2886920044448668314, guid: 70ed73ade4ce1ea4cbe7709b0aeb791e, type: 3}
      propertyPath: m_AnchorMin.x
      value: 1
      objectReference: {fileID: 0}
    - target: {fileID: 2886920044448668314, guid: 70ed73ade4ce1ea4cbe7709b0aeb791e, type: 3}
      propertyPath: m_AnchorMin.y
      value: 0
      objectReference: {fileID: 0}
    - target: {fileID: 2886920044448668314, guid: 70ed73ade4ce1ea4cbe7709b0aeb791e, type: 3}
      propertyPath: m_SizeDelta.x
      value: 128
      objectReference: {fileID: 0}
    - target: {fileID: 2886920044448668314, guid: 70ed73ade4ce1ea4cbe7709b0aeb791e, type: 3}
      propertyPath: m_SizeDelta.y
      value: 128
      objectReference: {fileID: 0}
    - target: {fileID: 2886920044448668314, guid: 70ed73ade4ce1ea4cbe7709b0aeb791e, type: 3}
      propertyPath: m_LocalPosition.x
      value: 0
      objectReference: {fileID: 0}
    - target: {fileID: 2886920044448668314, guid: 70ed73ade4ce1ea4cbe7709b0aeb791e, type: 3}
      propertyPath: m_LocalPosition.y
      value: 0
      objectReference: {fileID: 0}
    - target: {fileID: 2886920044448668314, guid: 70ed73ade4ce1ea4cbe7709b0aeb791e, type: 3}
      propertyPath: m_LocalPosition.z
      value: 0
      objectReference: {fileID: 0}
    - target: {fileID: 2886920044448668314, guid: 70ed73ade4ce1ea4cbe7709b0aeb791e, type: 3}
      propertyPath: m_LocalRotation.w
      value: 1
      objectReference: {fileID: 0}
    - target: {fileID: 2886920044448668314, guid: 70ed73ade4ce1ea4cbe7709b0aeb791e, type: 3}
      propertyPath: m_LocalRotation.x
      value: 0
      objectReference: {fileID: 0}
    - target: {fileID: 2886920044448668314, guid: 70ed73ade4ce1ea4cbe7709b0aeb791e, type: 3}
      propertyPath: m_LocalRotation.y
      value: 0
      objectReference: {fileID: 0}
    - target: {fileID: 2886920044448668314, guid: 70ed73ade4ce1ea4cbe7709b0aeb791e, type: 3}
      propertyPath: m_LocalRotation.z
      value: 0
      objectReference: {fileID: 0}
    - target: {fileID: 2886920044448668314, guid: 70ed73ade4ce1ea4cbe7709b0aeb791e, type: 3}
      propertyPath: m_AnchoredPosition.x
      value: -196
      objectReference: {fileID: 0}
    - target: {fileID: 2886920044448668314, guid: 70ed73ade4ce1ea4cbe7709b0aeb791e, type: 3}
      propertyPath: m_AnchoredPosition.y
      value: 78
      objectReference: {fileID: 0}
    - target: {fileID: 2886920044448668314, guid: 70ed73ade4ce1ea4cbe7709b0aeb791e, type: 3}
      propertyPath: m_LocalEulerAnglesHint.x
      value: 0
      objectReference: {fileID: 0}
    - target: {fileID: 2886920044448668314, guid: 70ed73ade4ce1ea4cbe7709b0aeb791e, type: 3}
      propertyPath: m_LocalEulerAnglesHint.y
      value: 0
      objectReference: {fileID: 0}
    - target: {fileID: 2886920044448668314, guid: 70ed73ade4ce1ea4cbe7709b0aeb791e, type: 3}
      propertyPath: m_LocalEulerAnglesHint.z
      value: 0
      objectReference: {fileID: 0}
    m_RemovedComponents: []
  m_SourcePrefab: {fileID: 100100000, guid: 70ed73ade4ce1ea4cbe7709b0aeb791e, type: 3}
--- !u!224 &8998176265016936247 stripped
RectTransform:
  m_CorrespondingSourceObject: {fileID: 2886920044448668314, guid: 70ed73ade4ce1ea4cbe7709b0aeb791e, type: 3}
  m_PrefabInstance: {fileID: 6111270204992314797}
  m_PrefabAsset: {fileID: 0}
--- !u!114 &8998176265016936248 stripped
MonoBehaviour:
  m_CorrespondingSourceObject: {fileID: 2886920044448668309, guid: 70ed73ade4ce1ea4cbe7709b0aeb791e, type: 3}
  m_PrefabInstance: {fileID: 6111270204992314797}
  m_PrefabAsset: {fileID: 0}
  m_GameObject: {fileID: 0}
  m_Enabled: 1
  m_EditorHideFlags: 0
  m_Script: {fileID: 11500000, guid: 176241731d983b94798514d04508cca7, type: 3}
  m_Name: 
  m_EditorClassIdentifier: 
--- !u!1001 &8564557708700898601
PrefabInstance:
  m_ObjectHideFlags: 0
  serializedVersion: 2
  m_Modification:
    m_TransformParent: {fileID: 3324640862300910796}
    m_Modifications:
    - target: {fileID: 1001429422, guid: 70ed73ade4ce1ea4cbe7709b0aeb791e, type: 3}
      propertyPath: m_text
      value: Play Again
      objectReference: {fileID: 0}
    - target: {fileID: 2886920044448668313, guid: 70ed73ade4ce1ea4cbe7709b0aeb791e, type: 3}
      propertyPath: m_Name
      value: Play Again Gamepad Hold Button
      objectReference: {fileID: 0}
    - target: {fileID: 2886920044448668314, guid: 70ed73ade4ce1ea4cbe7709b0aeb791e, type: 3}
      propertyPath: m_Pivot.x
      value: 1
      objectReference: {fileID: 0}
    - target: {fileID: 2886920044448668314, guid: 70ed73ade4ce1ea4cbe7709b0aeb791e, type: 3}
      propertyPath: m_Pivot.y
      value: 0
      objectReference: {fileID: 0}
    - target: {fileID: 2886920044448668314, guid: 70ed73ade4ce1ea4cbe7709b0aeb791e, type: 3}
      propertyPath: m_RootOrder
      value: 5
      objectReference: {fileID: 0}
    - target: {fileID: 2886920044448668314, guid: 70ed73ade4ce1ea4cbe7709b0aeb791e, type: 3}
      propertyPath: m_AnchorMax.x
      value: 1
      objectReference: {fileID: 0}
    - target: {fileID: 2886920044448668314, guid: 70ed73ade4ce1ea4cbe7709b0aeb791e, type: 3}
      propertyPath: m_AnchorMax.y
      value: 0
      objectReference: {fileID: 0}
    - target: {fileID: 2886920044448668314, guid: 70ed73ade4ce1ea4cbe7709b0aeb791e, type: 3}
      propertyPath: m_AnchorMin.x
      value: 1
      objectReference: {fileID: 0}
    - target: {fileID: 2886920044448668314, guid: 70ed73ade4ce1ea4cbe7709b0aeb791e, type: 3}
      propertyPath: m_AnchorMin.y
      value: 0
      objectReference: {fileID: 0}
    - target: {fileID: 2886920044448668314, guid: 70ed73ade4ce1ea4cbe7709b0aeb791e, type: 3}
      propertyPath: m_SizeDelta.x
      value: 128
      objectReference: {fileID: 0}
    - target: {fileID: 2886920044448668314, guid: 70ed73ade4ce1ea4cbe7709b0aeb791e, type: 3}
      propertyPath: m_SizeDelta.y
      value: 128
      objectReference: {fileID: 0}
    - target: {fileID: 2886920044448668314, guid: 70ed73ade4ce1ea4cbe7709b0aeb791e, type: 3}
      propertyPath: m_LocalPosition.x
      value: 0
      objectReference: {fileID: 0}
    - target: {fileID: 2886920044448668314, guid: 70ed73ade4ce1ea4cbe7709b0aeb791e, type: 3}
      propertyPath: m_LocalPosition.y
      value: 0
      objectReference: {fileID: 0}
    - target: {fileID: 2886920044448668314, guid: 70ed73ade4ce1ea4cbe7709b0aeb791e, type: 3}
      propertyPath: m_LocalPosition.z
      value: 0
      objectReference: {fileID: 0}
    - target: {fileID: 2886920044448668314, guid: 70ed73ade4ce1ea4cbe7709b0aeb791e, type: 3}
      propertyPath: m_LocalRotation.w
      value: 1
      objectReference: {fileID: 0}
    - target: {fileID: 2886920044448668314, guid: 70ed73ade4ce1ea4cbe7709b0aeb791e, type: 3}
      propertyPath: m_LocalRotation.x
      value: 0
      objectReference: {fileID: 0}
    - target: {fileID: 2886920044448668314, guid: 70ed73ade4ce1ea4cbe7709b0aeb791e, type: 3}
      propertyPath: m_LocalRotation.y
      value: 0
      objectReference: {fileID: 0}
    - target: {fileID: 2886920044448668314, guid: 70ed73ade4ce1ea4cbe7709b0aeb791e, type: 3}
      propertyPath: m_LocalRotation.z
      value: 0
      objectReference: {fileID: 0}
    - target: {fileID: 2886920044448668314, guid: 70ed73ade4ce1ea4cbe7709b0aeb791e, type: 3}
      propertyPath: m_AnchoredPosition.x
      value: -41
      objectReference: {fileID: 0}
    - target: {fileID: 2886920044448668314, guid: 70ed73ade4ce1ea4cbe7709b0aeb791e, type: 3}
      propertyPath: m_AnchoredPosition.y
      value: 78
      objectReference: {fileID: 0}
    - target: {fileID: 2886920044448668314, guid: 70ed73ade4ce1ea4cbe7709b0aeb791e, type: 3}
      propertyPath: m_LocalEulerAnglesHint.x
      value: 0
      objectReference: {fileID: 0}
    - target: {fileID: 2886920044448668314, guid: 70ed73ade4ce1ea4cbe7709b0aeb791e, type: 3}
      propertyPath: m_LocalEulerAnglesHint.y
      value: 0
      objectReference: {fileID: 0}
    - target: {fileID: 2886920044448668314, guid: 70ed73ade4ce1ea4cbe7709b0aeb791e, type: 3}
      propertyPath: m_LocalEulerAnglesHint.z
      value: 0
      objectReference: {fileID: 0}
    m_RemovedComponents: []
  m_SourcePrefab: {fileID: 100100000, guid: 70ed73ade4ce1ea4cbe7709b0aeb791e, type: 3}
--- !u!224 &6830568274189750195 stripped
RectTransform:
  m_CorrespondingSourceObject: {fileID: 2886920044448668314, guid: 70ed73ade4ce1ea4cbe7709b0aeb791e, type: 3}
  m_PrefabInstance: {fileID: 8564557708700898601}
  m_PrefabAsset: {fileID: 0}
--- !u!114 &6830568274189750204 stripped
MonoBehaviour:
  m_CorrespondingSourceObject: {fileID: 2886920044448668309, guid: 70ed73ade4ce1ea4cbe7709b0aeb791e, type: 3}
  m_PrefabInstance: {fileID: 8564557708700898601}
  m_PrefabAsset: {fileID: 0}
  m_GameObject: {fileID: 0}
  m_Enabled: 1
  m_EditorHideFlags: 0
  m_Script: {fileID: 11500000, guid: 176241731d983b94798514d04508cca7, type: 3}
  m_Name: 
  m_EditorClassIdentifier: 
